@manual{V353,
  author = {TU Dortmund},
  title = {Versuchsanleitung zu Versuch Nr.353 Das Relaxationsverhalten des RC-Kreises},
  year = 2019
}

